@article{b1,
	title   = {Formalizing and securing relationships on public networks},
	author  = {Szabo, Nick},
	journal = {First monday},
	volume  = {2},
	number  = {9},
	year    = {1997}
}

@misc{b2,
	title  = {Ethereum Statistics Overview},
	author = {Alchemy},
	year   = {2024},
	url    = {https://www.alchemy.com/overviews/ethereum-statistics},
	note   = {Accessed: Jul. 31, 2025}
}

@article{b3,
	title     = {An overview on smart contracts: Challenges, advances and platforms},
	author    = {Zheng, Zibin and Xie, Shaoan and Dai, Hong-Ning and Chen, Weili and Chen, Xiangping and Weng, Jian and Imran, Muhammad},
	journal   = {Future Generation Computer Systems},
	volume    = {105},
	pages     = {475--491},
	year      = {2020},
	publisher = {Elsevier}
}

@inproceedings{b4,
	title     = {Linked data indexing of distributed ledgers},
	author    = {Third, Allan and Domingue, John},
	booktitle = {Proceedings of the 26th International Conference on World Wide Web Companion},
	pages     = {1431--1436},
	year      = {2017}
}

@misc{b5,
	title  = {The Graph Documentation},
	author = {{The Graph Foundation}},
	year   = {2025},
	url    = {https://thegraph.com/docs/en/},
	note   = {Accessed: Mar. 19, 2025}
}

@article{b6,
	title   = {STAN: Towards Describing Bytecodes of Smart Contract},
	author  = {Li, X. and Chen, T. and Luo, X. and Zhang, T. and Yu, L. and Xu, Z.},
	journal = {arXiv preprint arXiv:2007.09696},
	year    = {2020}
}

@phdthesis{b7,
	title  = {Extraction, indexing and analysis of Ethereum smart contracts data},
	author = {Aimar, Davide},
	year   = {2023},
	school = {Politecnico di Torino}
}

@phdthesis{b8,
	title  = {Smart Contracts and Solidity Code Summarization},
	author = {Zhang, Ming},
	year   = {2021},
	school = {Politecnico di Torino}
}

@article{b9,
	title   = {Semantic code search for smart contracts},
	author  = {Shi, Chen and Xiang, Yang and Yu, Jin and Gao, Lei},
	journal = {arXiv preprint arXiv:2111.14139},
	year    = {2021}
}

@misc{b10,
	title  = {Smart Contract Sanctuary},
	author = {Ortner, M. and Eskandari, S.},
	year   = {2025},
	url    = {https://github.com/tintinweb/smart-contract-sanctuary}
}

@misc{b11,
	title  = {Sourcify: Decentralized Automated Smart Contract Verification},
	author = {Sourcify},
	year   = {2025},
	url    = {https://sourcify.dev/},
	note   = {Accessed: May 9, 2025}
}

@article{b12,
	title   = {Retrieval-augmented generation for knowledge-intensive nlp tasks},
	author  = {Lewis, Patrick and Perez, Ethan and Piktus, Aleksandra and Petroni, Fabio and Karpukhin, Vladimir and Goyal, Naman and K{\"u}ttler, Heinrich and Lewis, Mike and Yih, Wen-tau and Rockt{\"a}schel, Tim and others},
	journal = {Advances in neural information processing systems},
	volume  = {33},
	pages   = {9459--9474},
	year    = {2020}
}