@article{zheng2018blockchain,
  title     = {Blockchain challenges and opportunities: A survey},
  author    = {Zheng, Zibin and Xie, Shaoan and Dai, Hong-Ning and Chen, Xiangping and Wang, Huaimin},
  journal   = {International journal of web and grid services},
  volume    = {14},
  number    = {4},
  pages     = {352--375},
  year      = {2018},
  publisher = {Inderscience Publishers (IEL)}
}
@article{nofer2017blockchain,
  title     = {Blockchain},
  author    = {Nofer, Michael and Gomber, Peter and Hinz, Oliver and Schiereck, Dirk},
  journal   = {Business \& information systems engineering},
  volume    = {59},
  pages     = {183--187},
  year      = {2017},
  publisher = {Springer}
}
@article{swanson2015consensus,
  title   = {Consensus-as-a-service: a brief report on the emergence of permissioned, distributed ledger systems},
  author  = {Swanson, Tim},
  journal = {Report, available online},
  volume  = {28},
  year    = {2015}
}

